@article{minorityTypes-NapieralaStefanowski,
	author = "Napierala, Krystyna and Stefanowski, Jerzy",
	title = "Types of minority class examples and their influence
on learning classifiers from imbalanced data",
	journal = "Journal of Intelligent Information Systems",
	volume = "46",
	issue = "3",
	pages = "563--597",
	year = "2016"
}